@article{pmml,
  title={PMML: An open standard for sharing models},
  author={Guazzelli, Alex and Zeller, Michael and Lin, Wen-Ching and Williams, Graham and others}
}
